<?xml version="1.0" encoding="UTF-8"?><collection xmlns="http://www.loc.gov/MARC21/slim"><record><leader>00433nam--2200145-i-4500</leader><controlfield tag="001">000011585</controlfield><controlfield tag="002">20161230</controlfield><controlfield tag="005">20161230201029</controlfield><controlfield tag="008">060222s1000------------r-----000-0-eng-d</controlfield><datafield ind1=" " ind2=" " tag="080"><subfield code="a">541.64(061.3)</subfield></datafield><datafield ind1=" " ind2=" " tag="245"><subfield code="a">Acrylonitrile in macromolecules, held at chicago, illinois, august 27-29, 1973</subfield></datafield><datafield ind1=" " ind2=" " tag="260"><subfield code="a">New York, John Wiley And Sons, 1974. Viii + 321 P</subfield></datafield><datafield ind1=" " ind2=" " tag="490"><subfield code="a">Applied Polymer Symposia</subfield></datafield><datafield ind1=" " ind2=" " tag="700"><subfield code="a">Pearce, Eli M</subfield></datafield><datafield ind1=" " ind2=" " tag="852"><subfield code="a">42550</subfield></datafield></record></collection>